@book{rouviere2009petit,
  title={Petit guide de calcul diff{\'e}rentiel: {\`a} l'usage de la
                  licence et de l'agr{\'e}gation},
  author={Rouvi{\`e}re, F.},
  isbn={9782842251093},
  series={Enseignement des math{\'e}matiques},
  url={https://books.google.es/books?id=7GZdPgAACAAJ},
  year={2009},
  publisher={Cassini}
}

@book{Boyd:2004:CO:993483,
 author = {Boyd, Stephen and Vandenberghe, Lieven},
 title = {Convex Optimization},
 year = {2004},
 isbn = {0521833787},
 publisher = {Cambridge University Press},
 address = {New York, NY, USA},
}
